@ARTICLE{BNN:1,
   	author = {{Demortier}, L. and {Jain}, S. and {Prosper}, H.~B.},
   	title = "{Reference priors for high energy physics}",
  	journal = {\prd},
	archivePrefix = "arXiv",
	eprint = {1002.1111},
	primaryClass = "stat.AP",
 	keywords = {Measurement and error theory, Top quarks},
     	year = 2010,
    	month = aug,
   	volume = 82,
   	number = 3,
      	eid = {034002},
    	pages = {034002},
      	doi = {10.1103/PhysRevD.82.034002},
   	adsurl = {http://adsabs.harvard.edu/abs/2010PhRvD..82c4002D},
  	adsnote = {Provided by the SAO/NASA Astrophysics Data System}
  }